<record><leader>00000cas a22000007a 4500</leader><controlfield tag="001">10007954</controlfield><controlfield tag="008">831013d19uu199udcuwr ne      0   a0eng d</controlfield><datafield ind1=" " ind2=" " tag="010"><subfield code="a">sn 83004699 </subfield></datafield><datafield ind1=" " ind2=" " tag="040"><subfield code="a">NSD</subfield><subfield code="b">eng</subfield><subfield code="c">NSD</subfield><subfield code="d">NST</subfield><subfield code="d">OCLCQ</subfield><subfield code="d">OCLCO</subfield></datafield><datafield ind1=" " ind2=" " tag="012"><subfield code="i">9208</subfield><subfield code="j">1</subfield><subfield code="m">d</subfield></datafield><datafield ind1="1" ind2=" " tag="022"><subfield code="a">0746-3812</subfield><subfield code="l">0746-3812</subfield><subfield code="2">1</subfield></datafield><datafield ind1="1" ind2=" " tag="029"><subfield code="a">AU@</subfield><subfield code="b">000025833748</subfield></datafield><datafield ind1=" " ind2=" " tag="037"><subfield code="b">C-SPAN Update, Suite 155, North Capitol St., N.W., Washington, D.C. 20001</subfield></datafield><datafield ind1=" " ind2=" " tag="042"><subfield code="a">nsdp</subfield></datafield><datafield ind1=" " ind2="0" tag="222"><subfield code="a">C-SPAN update</subfield></datafield><datafield ind1="0" ind2="0" tag="245"><subfield code="a">C-SPAN update.</subfield></datafield><datafield ind1=" " ind2=" " tag="260"><subfield code="a">Washington, D.C. :</subfield><subfield code="b">C-SPAN</subfield></datafield><datafield ind1=" " ind2=" " tag="310"><subfield code="a">Weekly</subfield></datafield><datafield ind1=" " ind2=" " tag="588"><subfield code="a">Description based on: Vol. 1, no. 4 (July 11, 1983); title from caption.</subfield></datafield><datafield ind1="2" ind2=" " tag="710"><subfield code="a">C-SPAN (Television network)</subfield></datafield><datafield ind1="0" ind2="0" tag="785"><subfield code="t">American caucus</subfield><subfield code="x">1061-8570</subfield><subfield code="w">(DLC)sn 92000063</subfield></datafield><datafield ind1=" " ind2=" " tag="850"><subfield code="a">NcD</subfield></datafield><datafield ind1=" " ind2=" " tag="936"><subfield code="a">Aug. 22, 1983</subfield></datafield></record>